<record><leader>00000cas a22000007a 4500</leader><controlfield tag="001">15861510</controlfield><controlfield tag="008">870608d18491866inuwr ne      0    0eng d</controlfield><datafield ind1=" " ind2=" " tag="010"><subfield code="a">sn 87056050 </subfield></datafield><datafield ind1=" " ind2=" " tag="040"><subfield code="a">NPI</subfield><subfield code="b">eng</subfield><subfield code="c">NPI</subfield><subfield code="d">OCLCQ</subfield><subfield code="d">OCLCO</subfield></datafield><datafield ind1=" " ind2=" " tag="042"><subfield code="a">msc</subfield></datafield><datafield ind1="0" ind2=" " tag="130"><subfield code="a">Logansport journal (Logansport, Ind. : Weekly)</subfield></datafield><datafield ind1="1" ind2="4" tag="245"><subfield code="a">The Logansport journal.</subfield></datafield><datafield ind1=" " ind2=" " tag="260"><subfield code="a">Logansport, Ind. :</subfield><subfield code="b">Bringhurst &amp; Douglas,</subfield><subfield code="c">1849-1866.</subfield></datafield><datafield ind1=" " ind2=" " tag="310"><subfield code="a">Weekly</subfield></datafield><datafield ind1="0" ind2=" " tag="362"><subfield code="a">Vol. 1, no. 1 (Apr. 21, 1849)-v. 17, no. 45 (Jan. 27, 1866).</subfield></datafield><datafield ind1=" " ind2=" " tag="580"><subfield code="a">Issued also in triweekly edition called: Tri-weekly Logansport journal.</subfield></datafield><datafield ind1=" " ind2=" " tag="752"><subfield code="a">United States</subfield><subfield code="b">Indiana</subfield><subfield code="c">Cass</subfield><subfield code="d">Logansport.</subfield></datafield><datafield ind1="1" ind2=" " tag="775"><subfield code="t">Tri-weekly Logansport journal</subfield><subfield code="w">(DLC)sn 87056095</subfield></datafield><datafield ind1="0" ind2="0" tag="785"><subfield code="t">Logansport weekly journal</subfield><subfield code="w">(DLC)sn 82006500</subfield></datafield></record>